@COMMENT{
	tipos de entradas mais comuns = {},
	article = {artigo em periódico},
	book = {livro},
	online = {recurso online ou página web}
}


@book{EstimandoAtributos,
	author = {Mendes, Flaviana Pereira},
	title = {{E}stimando atributos de qualidade de software
utilizados e desejados pelas empresas certificadas no MPS-SW no Brasil},
	publisher = {Universidade Federal de Ouro Preto
Departamento de Computação e Sistemas, Colegiado de Engenharia de Computação},
	address = {João Monlevade},
	year = {2018}
}

@book{PropostaDePlano,
	author = {Cauzzi, Eduardo José},
	title = {{P}roposta de plano de garantia da qualidade de software para o laboratório de
criação e aplicação de software},
	publisher = {UNIVERSIDADE DE CAXIAS DO SUL, CENTRO DE COMPUTAÇÃO E TECNOLOGIA DA INFORMAÇÃO, BACHARELADO EM SISTEMAS DE INFORMAÇÃO},
	address = {Caxias do SUl},
	year = {2015}
}

@book{Framework,
	author = {Ferraz, Matheus Herlan do Santos},
	title = {{F}ramework para {A}valiação da {Q}ualidade de {C}ódigo: {U}ma {A}bordagem {B}aseada em {V}alor},
	publisher = {Universidade de Brasília},
	address = {Brasília},
	year = {2016}
}

@book{TccKotlin,
	author = {Filho, Gerson Luis Ferreira da Silva},
	title = {{D}esenvolvimento de aplicativo para adoção de animais abandonados utilizando a linguagem de programação Kotlin e programação reativa},
	publisher = {Universidade Tecnológica Federal do Paraná - Câmpus Curitiba},
	address = {Curitiba},
	year = {2017}
}

@article{Abedi2014,
	author = {Abedi, Z. and Saber, M. and Vojoudi, S. and Mahdavi, V. and Parsaeyan, E.},
	title = {{A}cute, sublethal, and combination effects of azadirachtin and {B}acillus thuringiensis on the cotton bollworm, {H}elicoverpa armigera},
	journal = {J. Insect Sci.},
	volume = {14},
	pages = {30-37},
	year = {2014}
}

@article{Agaisse1995,
	author = {Agaisse, H. and Lereclus, D.},
	title = {{H}ow does {B}acillus thuringiensis produce so much insecticidal crystal protein?},
	journal = {J. Bacteriol.},
	volume = {177},
	number = {21},
	pages = {6027-6032},
	year = {1995}
}

@article{AgapitoTenfen2014,
	author = {Agapito-Tenfen, S. Z. and Vilperte, V. and Benevenuto, R. F. and Rover, C. M. and Traavik, T. I. and Nodari, R. O.},
	title = {{E}ffect of stacking insecticidal cry and herbicide tolerance epsps transgenes on transgenic maize proteome},
	journal = {BMC Plant Biol},
	volume = {14},
	pages = {346},
	year = {2014}
}

@book{Fowler2009,
	author = {Fowler, Martin},
	title = {{R}efatoração: {A}perfeiçoamento e {P}rojeto},
	publisher = {Bookman Editora},
	address = {Porto Alegre},
	pages = {365},
	year = {2009}
}

@book{Martin2009,
	author = {Martin, Robert Cecil},
	title = {{C}ódigo {L}impo {H}abilidades {P}ráticas do {A}gile {S}oftware - {E}dição {R}evisada},
	publisher = {Alta Books},
	address = {Jacaré},
	pages = {456},
	year = {2009}
}

@book{gomes2014agile,
  title={{A}gile: {D}esenvolvimento de software com entregas frequentes e foco no valor de negócio},
  author={Gomes, André Faria},
  isbn={9788566250992},
  url={https://books.google.com.br/books?id=zHCCCwAAQBAJ},
  year={2014},
  pages = {176},
  publisher={Casa do Código},
  address = {São Paulo}
}

@book{lindstrom2017refatoracao,
  title={{R}efatora{\c{c}}{\~a}o de CSS: Organize suas folhas de estilo com sucesso},
  author={Lindstrom, Steve.},
  isbn={9788575225370},
  url={https://books.google.com.br/books?id=BJruDQAAQBAJ},
  year={2017},
  address = {São Paulo},
  publisher={NOVATEC}
}

@book{wildt2015extreme,
  title={eXtreme Programming: Pr{\'a}ticas para o dia a dia no desenvolvimento {\'a}gil de software},
  author={Wildt, D. and Moura, D. and Lacerda, G. and Helm, R.},
  isbn={9788555191077},
  url={https://books.google.com.br/books?id=S2qCCwAAQBAJ},
  year={2015},
  publisher={Casa do C{\'o}digo},
  	address = {São Paulo}
}

@book{Herbert,
	author = {Schildt, Herbert},
	title = {{J}ava para {I}niciantes},
	publisher = {Bookman Editora},
	edition = {6},
	address = {Porto Alegre},
	pages = {704},
	year = {2015}
}

@book{Burd,
	author = {Burd, Barry},
	title = {{C}omeçando a {P}rogramar em {J}ava {P}ara {L}eigos},
	publisher = {Alta Books},
	address = {Porto Alegre},
	pages = {452},
	year = {2014}
}

@book{Resende2018,
	author = {Resende, Kassiano},
	title = {{K}otlin com {A}ndroid: {C}rie aplicativos de maneira fácil e divertida},
	publisher = {Casa do Código},
	address = {São Paulo},
	pages = {364},
	year = {2018}
}

@book{Turini2014,
	author = {Turini, Rodrigo},
	title = {{D}esbravando {J}ava e {O}rientação a {O}bjetos: {U}m guia para o iniciante da linguagem},
	publisher = {Casa do Código},
	address = {São Paulo},
	pages = {225},
	year = {2014}
}

@book{Guerra2014,
	author = {Guerra, Eduardo},
	title = {{D}esign {P}atterns com {J}ava: {P}rojeto orientado a objetos guiado por padrões},
	publisher = {Casa do Código},
	address = {São Paulo},
	pages = {305},
	year = {2018}
}

@book{SilveiraeJoviane_IOS
	author = {Silveira, Guilherme and Jardim, Joviane},
	title = {{S}wift: {P}rograme para {i}Phone e {i}Pad},
	publisher = {Casa do Código},
	address = {São Paulo},
	pages = {273},
	year = {2014}
}


@book{Steil_IOS,
	author = {Steil, Rafael},
	title = {{i}OS: {P}rograme para {i}Phone e {i}Pad},
	publisher = {Casa do Código},
	address = {São Paulo},
	pages = {264 },
	year = {2015}
}

@book{XAMARIN2017,
	author = {Araujo, Everton Coimbra de},
	title = {{X}amarin {F}orms: {D}esenvolvimento de aplicações móveis multiplataforma},
	publisher = {Casa do Código},
	address = {São Paulo},
	pages = {309 },
	year = {2017}
}

@book{IONIC2017_ADRIAN_GOIS,
	author = {Gois, Adrian},
	title = {{I}onic {F}ramework: {C}onstrua aplicativos para todas as plataformas mobile},
	publisher = {Casa do Código},
	address = {São Paulo},
	pages = {162 },
	year = {2017}
}

@book{Lecheta2018,
	author = {Lecheta, Ricardo R.},
	title = {{A}ndroid {E}ssencial com {K}otlin},
	publisher = {Casa do Código},
	address = {São Paulo},
	edition = {2},
	pages = {536},
	year = {2018}
}

@book{Lecheta2016_IOS_&_IPAD,
	author = {Lecheta, Ricardo R.},
	title = {{D}esenvolvendo para {i}Phone e {i}Pad},
	publisher = {Novatec},
	address = {São Paulo},
	edition = {6},
	pages = {520},
	year = {2016}
}

@book{DeitelDeitelWald2016,
	author = {Deitel, Paul and Deitel, Harvey and Wald, Alexander},
	title = {{A}ndroid 6 para {P}rogramadores - 3ª {E}dição: {U}ma {A}bordagem {B}aseada em {A}plicativos},
	publisher = {Bookman Editora},
	address = {Porto Alegre},
	edition = {3},
	pages = {456},
	year = {2016}
}

@book{DeitelDeitel2016,
	author = {Deitel, Paul and Deitel, Harvey},
	title = {Java como Programar},
	publisher = {Pearson Education do Brasil},
	address = {São Paulo},
	edition = {10},
	pages = {968},
	year = {2016}
}

@book{TuckerNoonan2009,
	author = {Tucker, Allen and Noonan, Robert},
	title = {{L}inguagens de {P}rogramação - 2.ed.: {P}rincípios e {P}aradigmas},
	publisher = {AMGH Editora},
	address = {Porto Alegre},
	edition = {2},
	pages = {611},
	year = {2009}
}

@online{qualidadedesoftware,
	author = {Batista, Stephany Henrique de Almeida},
	title = {{Q}ualidade de {S}oftware: dicas para escrever um código de qualidade},
	year = {2016},
	url = {http://www.linhadecodigo.com.br/artigo/3460/qualidade-de-software-dicas-para-escrever-um-codigo-de-qualidade.aspx},
	urlaccessdate = {27 de abr. de 2019}
}

@online{openSourceCanalTech,
	author = {CanalTech},
	title = {{O} que é open source?},
	year = {2017},
	url = {https://canaltech.com.br/produtos/O-que-e-open-source/},
	urlaccessdate = {03 de maio de 2019}
}

@online{IonicCordovaMedium2017,
	author = {Vasconcellos, Luis},
	title = {{A}pps {H}íbridas com {C}ordova e {I}onic},
	year = {2017},
	url = {https://bit.ly/2PJBenj},
	urlaccessdate = {03 de maio de 2019}
}

@online{JetbrainsDocs,
	author = {JetBrains},
	title = {{C}alling {J}ava code from {K}otlin},
	year = {2018},
	url = {https://kotlinlang.org/docs/reference/java-interop.html},
	urlaccessdate = {03 de maio de 2019}
}

@online{SlideShare,
	author = {Koenig, Kai},
	title = {{C}oding for {A}ndroid on steroids with {K}otlin },
	year = {2016},
	url = {https://www.slideshare.net/AgentK/coding-for-android-on-steroids-with-kotlin},
	urlaccessdate = {03 de maio de 2019}
}

@online{AECMedium2018,
	author = {Azevedo, Mariana},
	title = {{E}xiste avaliação e garantia de qualidade no seu código durante o desenvolvimento e depois do deploy?},
	year = {2018},
	%url = {https://medium.com/equals-lab/existe-avalia%C3%A7%C3%A3o-e-garantia-de-qualidade-no-seu-c%C3%B3digo-durante-o-desenvolvimento-e-depois-do-502f77c3a686},
	url = {http://twixar.me/F26K},
	urlaccessdate = {03 de maio de 2019}
}

@online{DevQA,
	author = {Keiróz, Kamila},
	title = {{D}evQA: {C}omo medir qualidade de código ?},
	year = {2015},
	%url = {https://agiletesters.com.br/topic/320/devqa-como-medir-qualidade-de-c%C3%B3digo},
	url = {http://twixar.me/626K},
	urlaccessdate = {03 de maio de 2019}
}

@online{Ebert,
	author = {Ebert},
	title = {{G}et thorough code reviews and ship with confidence},
	year = {2017-2019},
	%url = {https://agiletesters.com.br/topic/320/devqa-como-medir-qualidade-de-c%C3%B3digo},
	url = {https://ebertapp.io/},
	urlaccessdate = {04 de maio de 2019}
}

@online{SonarSite,
	author = {SonarQube},
	title = {{C}ontinuous {I}nspection},
	year = {2008-2019},
	url = {https://www.sonarqube.org/features/clean-code/},
	urlaccessdate = {03 de maio de 2019}
}



@online{StackOverFlow2018,
	author = {StackOverflow},
	title = {{S}tack {O}verflow {D}eveloper {S}urvey 2018 - {S}tack {O}verflow {I}nsights},
	year = {2018},
	url = {https://insights.stackoverflow.com/survey/2018/#technology},
	urlaccessdate = {09 de fev. de 2019}
}

@online{Teodosio,
	author = {Teodosio Bernardo do Amaral},
	title = {{M}otivos para trocar o {J}ava pelo {K}otlin ainda hoje},
	year = {2018},
	url = {https://medium.com/movile-tech/trocar-o-java-pelo-kotlin-8bed76014d99},
	urlaccessdate = {23 de abr. de 2019}
}

@online{SwiftINFOQ2015,
	author = {Machado, Gustavo},
	title = {{A} linguagem de programação {S}wift},
	year = {2015},
	url = {https://www.infoq.com/br/articles/apple-swift},
	urlaccessdate = {13 de abr. de 2019}
}

@online{ZanetteBeCodeCleanCode2017,
	author = {Zanette, Alysson},
	title = {{C}lean {C}ode: boas práticas para manter o seu código limpo!},
	year = {2017},
	url = {https://becode.com.br/clean-code/},
	urlaccessdate = {26 de abr. de 2019}
}

@online{SwiftAPPLE2019,
	author = {Apple},
	title = {{S}wift. {U}ma linguagem aberta e poderosa para todo mundo criar apps incríveis.},
	year = {2019},
	url = {https://www.infoq.com/br/articles/apple-swift},
	urlaccessdate = {13 de abr. de 2019}
}

@online{Unipe2018,
	author = {Brito, Mariana},
	title = {{C}iência da computação: é difícil aprender a programar?},
	year = {2018},
	url = {http://blog.unipe.br/graduacao/ciencia-da-computacao-e-dificil-aprender-a-programar},
	urlaccessdate = {20 de abr. de 2019}
}

@online{Scudero2017,
	author = {Scudero, Erick},
	title = {{C}omo escolher a primeira linguagem de programação?},
	year = {2017},
	url = {https://becode.com.br/primeira-linguagem-de-programacao/},
	urlaccessdate = {20 de abr. de 2019}
}

@online{Abranches2018,
	author = {Junior, Abranches},
	title = {{A}plicativos e desenvolvimento mobile híbrido x nativo},
	year = {2018},
	url = {https://imasters.com.br/desenvolvimento/aplicativos-e-desenvolvimento-mobile-hibrido-x-nativo},
	urlaccessdate = {20 de abr. de 2019}
}

@online{Gabs2018EscreverCodigo,
	author = {Ferreira, Gabriel},
	title = {{O} {G}uia do {P}rogramador {I}niciante: {P}rogramar não é só escrever código},
	year = {2018},
	url = {http://gabsferreira.com/o-guia-do-programador-iniciante-programar-nao-e-so-escrever-codigo/},
	urlaccessdate = {20 de abr. de 2019}
}

@online{Tiobe2018,
	author = {Tiobe},
	title = {{TIOBE} {I}ndex for {J}anuary 2019},
	year = {2019},
	url = {https://www.tiobe.com/tiobe-index/},
	urlaccessdate = {09 de fev. de 2019}
}

@online{IDC,
	author = {IDC, International Data Corporation},
	title = {{S}martphone {M}arket {S}hare},
	year = {2018},
	url = {https://www.idc.com/promo/smartphone-market-share/os},
	urlaccessdate = {11 de nov. de 2018}
}

@online{Josh2019,
	author = {Juneau, Josh},
	title = {{P}roject {L}ombok: {C}lean, {C}oncise {J}ava {C}ode},
	year = {2009-2019},
	url = {https://www.oracle.com/corporate/features/project-lombok.html},
	urlaccessdate = {28 de fev. de 2019}
}

@online{ArtDalvik,
	author = {Google},
	title = {{A}ndroid {R}untime (ART) and {D}alvik},
	year = {2017-2019},
	url = {https://source.android.com/devices/tech/dalvik},
	urlaccessdate = {19 de dez. de 2019}
}

@online{EcossitemaAndroid,
	author = {INFOQ},
	title = {{O} {E}cossistema {A}ndroid e além, de acordo com {T}im {B}ray},
	year = {2011},
	url = {https://www.infoq.com/br/news/2011/07/ecossistema-android/},
	urlaccessdate = {19 de dez. de 2019}
}

@online{CRUD,
	author = {CodeAcademy},
	title = {{W}hat is CRUD?},
	year = {2015-2019},
	url = {https://www.codecademy.com/articles/what-is-crud},
	urlaccessdate = {19 de dez. de 2019}
}

@online{Acabativa,
	author = {Administradores},
	title = {{O} poder das metas case reunião de MCI},
	year = {2015-2019},
	url = {https://administradores.com.br/artigos/o-poder-das-metas-case-reuniao-de-mci},
	urlaccessdate = {19 de dez. de 2019}
}